@ARTICLE{2002A&A...381.1095G,
       author = {{G{\"o}ssl}, C.~A. and {Riffeser}, A.},
        title = "{Image reduction pipeline for the detection of variable sources in highly crowded fields}",
      journal = {\aap},
     keywords = {METHODS: DATA ANALYSIS, METHODS: OBSERVATIONAL, TECHNIQUES: IMAGE PROCESSING, TECHNIQUES: ERROR PROPAGATION, TECHNIQUES: OPTIMAL IMAGE SUBTRACTION, Astrophysics},
         year = 2002,
        month = jan,
       volume = {381},
        pages = {1095-1109},
          doi = {10.1051/0004-6361:20011522},
archivePrefix = {arXiv},
       eprint = {astro-ph/0110704},
 primaryClass = {astro-ph},
       adsurl = {https://ui.adsabs.harvard.edu/abs/2002A&A...381.1095G},
      adsnote = {Provided by the SAO/NASA Astrophysics Data System}
}



@ARTICLE{1996A&AS..117..393B,
       author = {{Bertin}, E. and {Arnouts}, S.},
        title = "{SExtractor: Software for source extraction.}",
      journal = {\aaps},
     keywords = {METHODS: DATA ANALYSIS, TECHNIQUES: IMAGE PROCESSING, GALAXIES: PHOTOMETRY},
         year = 1996,
        month = jun,
       volume = {117},
        pages = {393-404},
          doi = {10.1051/aas:1996164},
       adsurl = {https://ui.adsabs.harvard.edu/abs/1996A&AS..117..393B},
      adsnote = {Provided by the SAO/NASA Astrophysics Data System}
}

@INPROCEEDINGS{2006ASPC..351..112B,
       author = {{Bertin}, E.},
        title = "{Automatic Astrometric and Photometric Calibration with SCAMP}",
    booktitle = {Astronomical Data Analysis Software and Systems XV},
         year = 2006,
       editor = {{Gabriel}, C. and {Arviset}, C. and {Ponz}, D. and {Enrique}, S.},
       series = {Astronomical Society of the Pacific Conference Series},
       volume = {351},
        month = jul,
        pages = {112},
       adsurl = {https://ui.adsabs.harvard.edu/abs/2006ASPC..351..112B},
      adsnote = {Provided by the SAO/NASA Astrophysics Data System}
}


@INPROCEEDINGS{2014SPIE.9145E..2DH,
       author = {{Hopp}, Ulrich and {Bender}, Ralf and {Grupp}, Frank and {Goessl}, Claus and {Lang-Bardl}, Florian and {Mitsch}, Wolfgang and {Riffeser}, Arno and {Ageorges}, Nancy},
        title = "{Commissioning and science verification of the 2m-Fraunhofer Wendelstein Telescope}",
    booktitle = {Ground-based and Airborne Telescopes V},
         year = 2014,
       editor = {{Stepp}, Larry M. and {Gilmozzi}, Roberto and {Hall}, Helen J.},
       series = {Society of Photo-Optical Instrumentation Engineers (SPIE) Conference Series},
       volume = {9145},
        month = jul,
          eid = {91452D},
        pages = {91452D},
          doi = {10.1117/12.2054498},
       adsurl = {https://ui.adsabs.harvard.edu/abs/2014SPIE.9145E..2DH},
      adsnote = {Provided by the SAO/NASA Astrophysics Data System}
}


@INPROCEEDINGS{2016SPIE.9908E..44L,
       author = {{Lang-Bardl}, F. and {Bender}, R. and {Goessl}, C. and {Grupp}, F. and {Hess}, H. -J. and {Kaminski}, J. and {Hodapp}, K. and {Hopp}, U. and {Jacobson}, S. and {Kravcar}, H. and {Monna}, A. and {Mitsch}, W. and {Schlichter}, J. and {Wegner}, M.},
        title = "{The Wendelstein three channel imager (3KK): alignment, commissioning, and first results}",
    booktitle = {Ground-based and Airborne Instrumentation for Astronomy VI},
         year = 2016,
       editor = {{Evans}, Christopher J. and {Simard}, Luc and {Takami}, Hideki},
       series = {Society of Photo-Optical Instrumentation Engineers (SPIE) Conference Series},
       volume = {9908},
        month = aug,
          eid = {990844},
        pages = {990844},
          doi = {10.1117/12.2232039},
       adsurl = {https://ui.adsabs.harvard.edu/abs/2016SPIE.9908E..44L},
      adsnote = {Provided by the SAO/NASA Astrophysics Data System}
}



@ARTICLE{2013ApJS..205...20M,
       author = {{Magnier}, E.~A. and {Schlafly}, E. and {Finkbeiner}, D. and {Juric}, M. and {Tonry}, J.~L. and {Burgett}, W.~S. and {Chambers}, K.~C. and {Flewelling}, H.~A. and {Kaiser}, N. and {Kudritzki}, R. -P. and {Morgan}, J.~S. and {Price}, P.~A. and {Sweeney}, W.~E. and {Stubbs}, C.~W.},
        title = "{The Pan-STARRS 1 Photometric Reference Ladder, Release 12.01}",
      journal = {\apjs},
     keywords = {catalogs, instrumentation: photometers, standards, surveys: PS1, techniques: photometric, Astrophysics - Instrumentation and Methods for Astrophysics},
         year = 2013,
        month = apr,
       volume = {205},
       number = {2},
          eid = {20},
        pages = {20},
          doi = {10.1088/0067-0049/205/2/20},
archivePrefix = {arXiv},
       eprint = {1303.3634},
 primaryClass = {astro-ph.IM},
       adsurl = {https://ui.adsabs.harvard.edu/abs/2013ApJS..205...20M},
      adsnote = {Provided by the SAO/NASA Astrophysics Data System}
}




@ARTICLE{2006AJ....131.1163S,
       author = {{Skrutskie}, M.~F. and {Cutri}, R.~M. and {Stiening}, R. and {Weinberg}, M.~D. and {Schneider}, S. and {Carpenter}, J.~M. and {Beichman}, C. and {Capps}, R. and {Chester}, T. and {Elias}, J. and {Huchra}, J. and {Liebert}, J. and {Lonsdale}, C. and {Monet}, D.~G. and {Price}, S. and {Seitzer}, P. and {Jarrett}, T. and {Kirkpatrick}, J.~D. and {Gizis}, J.~E. and {Howard}, E. and {Evans}, T. and {Fowler}, J. and {Fullmer}, L. and {Hurt}, R. and {Light}, R. and {Kopan}, E.~L. and {Marsh}, K.~A. and {McCallon}, H.~L. and {Tam}, R. and {Van Dyk}, S. and {Wheelock}, S.},
        title = "{The Two Micron All Sky Survey (2MASS)}",
      journal = {\aj},
     keywords = {Catalogs, Infrared: General, Surveys},
         year = 2006,
        month = feb,
       volume = {131},
       number = {2},
        pages = {1163-1183},
          doi = {10.1086/498708},
       adsurl = {https://ui.adsabs.harvard.edu/abs/2006AJ....131.1163S},
      adsnote = {Provided by the SAO/NASA Astrophysics Data System}
}


@ARTICLE{2007AJ....133..734B,
       author = {{Blanton}, Michael R. and {Roweis}, Sam},
        title = "{K-Corrections and Filter Transformations in the Ultraviolet, Optical, and Near-Infrared}",
      journal = {\aj},
     keywords = {galaxies: fundamental parameters, galaxies: photometry, galaxies: statistics, Astrophysics},
         year = 2007,
        month = feb,
       volume = {133},
       number = {2},
        pages = {734-754},
          doi = {10.1086/510127},
archivePrefix = {arXiv},
       eprint = {astro-ph/0606170},
 primaryClass = {astro-ph},
       adsurl = {https://ui.adsabs.harvard.edu/abs/2007AJ....133..734B},
      adsnote = {Provided by the SAO/NASA Astrophysics Data System}
}



@ARTICLE{2021A&A...649A...1G,
       author = {{Gaia Collaboration} and {Brown}, A.~G.~A. and {Vallenari}, A. and {Prusti}, T. and {de Bruijne}, J.~H.~J. and {Babusiaux}, C. and {Biermann}, M. and {Creevey}, O.~L. and {Evans}, D.~W. and {Eyer}, L. and {Hutton}, A. and {Jansen}, F. and {Jordi}, C. and {Klioner}, S.~A. and {Lammers}, U. and {Lindegren}, L. and {Luri}, X. and {Mignard}, F. and {Panem}, C. and {Pourbaix}, D. and {Randich}, S. and {Sartoretti}, P. and {Soubiran}, C. and {Walton}, N.~A. and {Arenou}, F. and {Bailer-Jones}, C.~A.~L. and {Bastian}, U. and {Cropper}, M. and {Drimmel}, R. and {Katz}, D. and {Lattanzi}, M.~G. and {van Leeuwen}, F. and {Bakker}, J. and {Cacciari}, C. and {Casta{\~n}eda}, J. and {De Angeli}, F. and {Ducourant}, C. and {Fabricius}, C. and {Fouesneau}, M. and {Fr{\'e}mat}, Y. and {Guerra}, R. and {Guerrier}, A. and {Guiraud}, J. and {Jean-Antoine Piccolo}, A. and {Masana}, E. and {Messineo}, R. and {Mowlavi}, N. and {Nicolas}, C. and {Nienartowicz}, K. and {Pailler}, F. and {Panuzzo}, P. and {Riclet}, F. and {Roux}, W. and {Seabroke}, G.~M. and {Sordo}, R. and {Tanga}, P. and {Th{\'e}venin}, F. and {Gracia-Abril}, G. and {Portell}, J. and {Teyssier}, D. and {Altmann}, M. and {Andrae}, R. and {Bellas-Velidis}, I. and {Benson}, K. and {Berthier}, J. and {Blomme}, R. and {Brugaletta}, E. and {Burgess}, P.~W. and {Busso}, G. and {Carry}, B. and {Cellino}, A. and {Cheek}, N. and {Clementini}, G. and {Damerdji}, Y. and {Davidson}, M. and {Delchambre}, L. and {Dell'Oro}, A. and {Fern{\'a}ndez-Hern{\'a}ndez}, J. and {Galluccio}, L. and {Garc{\'\i}a-Lario}, P. and {Garcia-Reinaldos}, M. and {Gonz{\'a}lez-N{\'u}{\~n}ez}, J. and {Gosset}, E. and {Haigron}, R. and {Halbwachs}, J. -L. and {Hambly}, N.~C. and {Harrison}, D.~L. and {Hatzidimitriou}, D. and {Heiter}, U. and {Hern{\'a}ndez}, J. and {Hestroffer}, D. and {Hodgkin}, S.~T. and {Holl}, B. and {Jan{\ss}en}, K. and {Jevardat de Fombelle}, G. and {Jordan}, S. and {Krone-Martins}, A. and {Lanzafame}, A.~C. and {L{\"o}ffler}, W. and {Lorca}, A. and {Manteiga}, M. and {Marchal}, O. and {Marrese}, P.~M. and {Moitinho}, A. and {Mora}, A. and {Muinonen}, K. and {Osborne}, P. and {Pancino}, E. and {Pauwels}, T. and {Petit}, J. -M. and {Recio-Blanco}, A. and {Richards}, P.~J. and {Riello}, M. and {Rimoldini}, L. and {Robin}, A.~C. and {Roegiers}, T. and {Rybizki}, J. and {Sarro}, L.~M. and {Siopis}, C. and {Smith}, M. and {Sozzetti}, A. and {Ulla}, A. and {Utrilla}, E. and {van Leeuwen}, M. and {van Reeven}, W. and {Abbas}, U. and {Abreu Aramburu}, A. and {Accart}, S. and {Aerts}, C. and {Aguado}, J.~J. and {Ajaj}, M. and {Altavilla}, G. and {{\'A}lvarez}, M.~A. and {{\'A}lvarez Cid-Fuentes}, J. and {Alves}, J. and {Anderson}, R.~I. and {Anglada Varela}, E. and {Antoja}, T. and {Audard}, M. and {Baines}, D. and {Baker}, S.~G. and {Balaguer-N{\'u}{\~n}ez}, L. and {Balbinot}, E. and {Balog}, Z. and {Barache}, C. and {Barbato}, D. and {Barros}, M. and {Barstow}, M.~A. and {Bartolom{\'e}}, S. and {Bassilana}, J. -L. and {Bauchet}, N. and {Baudesson-Stella}, A. and {Becciani}, U. and {Bellazzini}, M. and {Bernet}, M. and {Bertone}, S. and {Bianchi}, L. and {Blanco-Cuaresma}, S. and {Boch}, T. and {Bombrun}, A. and {Bossini}, D. and {Bouquillon}, S. and {Bragaglia}, A. and {Bramante}, L. and {Breedt}, E. and {Bressan}, A. and {Brouillet}, N. and {Bucciarelli}, B. and {Burlacu}, A. and {Busonero}, D. and {Butkevich}, A.~G. and {Buzzi}, R. and {Caffau}, E. and {Cancelliere}, R. and {C{\'a}novas}, H. and {Cantat-Gaudin}, T. and {Carballo}, R. and {Carlucci}, T. and {Carnerero}, M.~I. and {Carrasco}, J.~M. and {Casamiquela}, L. and {Castellani}, M. and {Castro-Ginard}, A. and {Castro Sampol}, P. and {Chaoul}, L. and {Charlot}, P. and {Chemin}, L. and {Chiavassa}, A. and {Cioni}, M. -R.~L. and {Comoretto}, G. and {Cooper}, W.~J. and {Cornez}, T. and {Cowell}, S. and {Crifo}, F. and {Crosta}, M. and {Crowley}, C. and {Dafonte}, C. and {Dapergolas}, A. and {David}, M. and {David}, P. and {de Laverny}, P. and {De Luise}, F. and {De March}, R. and {De Ridder}, J. and {de Souza}, R. and {de Teodoro}, P. and {de Torres}, A. and {del Peloso}, E.~F. and {del Pozo}, E. and {Delbo}, M. and {Delgado}, A. and {Delgado}, H.~E. and {Delisle}, J. -B. and {Di Matteo}, P. and {Diakite}, S. and {Diener}, C. and {Distefano}, E. and {Dolding}, C. and {Eappachen}, D. and {Edvardsson}, B. and {Enke}, H. and {Esquej}, P. and {Fabre}, C. and {Fabrizio}, M. and {Faigler}, S. and {Fedorets}, G. and {Fernique}, P. and {Fienga}, A. and {Figueras}, F. and {Fouron}, C. and {Fragkoudi}, F. and {Fraile}, E. and {Franke}, F. and {Gai}, M. and {Garabato}, D. and {Garcia-Gutierrez}, A. and {Garc{\'\i}a-Torres}, M. and {Garofalo}, A. and {Gavras}, P. and {Gerlach}, E. and {Geyer}, R. and {Giacobbe}, P. and {Gilmore}, G. and {Girona}, S. and {Giuffrida}, G. and {Gomel}, R. and {Gomez}, A. and {Gonzalez-Santamaria}, I. and {Gonz{\'a}lez-Vidal}, J.~J. and {Granvik}, M. and {Guti{\'e}rrez-S{\'a}nchez}, R. and {Guy}, L.~P. and {Hauser}, M. and {Haywood}, M. and {Helmi}, A. and {Hidalgo}, S.~L. and {Hilger}, T. and {H{\l}adczuk}, N. and {Hobbs}, D. and {Holland}, G. and {Huckle}, H.~E. and {Jasniewicz}, G. and {Jonker}, P.~G. and {Juaristi Campillo}, J. and {Julbe}, F. and {Karbevska}, L. and {Kervella}, P. and {Khanna}, S. and {Kochoska}, A. and {Kontizas}, M. and {Kordopatis}, G. and {Korn}, A.~J. and {Kostrzewa-Rutkowska}, Z. and {Kruszy{\'n}ska}, K. and {Lambert}, S. and {Lanza}, A.~F. and {Lasne}, Y. and {Le Campion}, J. -F. and {Le Fustec}, Y. and {Lebreton}, Y. and {Lebzelter}, T. and {Leccia}, S. and {Leclerc}, N. and {Lecoeur-Taibi}, I. and {Liao}, S. and {Licata}, E. and {Lindstr{\o}m}, E.~P. and {Lister}, T.~A. and {Livanou}, E. and {Lobel}, A. and {Madrero Pardo}, P. and {Managau}, S. and {Mann}, R.~G. and {Marchant}, J.~M. and {Marconi}, M. and {Marcos Santos}, M.~M.~S. and {Marinoni}, S. and {Marocco}, F. and {Marshall}, D.~J. and {Martin Polo}, L. and {Mart{\'\i}n-Fleitas}, J.~M. and {Masip}, A. and {Massari}, D. and {Mastrobuono-Battisti}, A. and {Mazeh}, T. and {McMillan}, P.~J. and {Messina}, S. and {Michalik}, D. and {Millar}, N.~R. and {Mints}, A. and {Molina}, D. and {Molinaro}, R. and {Moln{\'a}r}, L. and {Montegriffo}, P. and {Mor}, R. and {Morbidelli}, R. and {Morel}, T. and {Morris}, D. and {Mulone}, A.~F. and {Munoz}, D. and {Muraveva}, T. and {Murphy}, C.~P. and {Musella}, I. and {Noval}, L. and {Ord{\'e}novic}, C. and {Orr{\`u}}, G. and {Osinde}, J. and {Pagani}, C. and {Pagano}, I. and {Palaversa}, L. and {Palicio}, P.~A. and {Panahi}, A. and {Pawlak}, M. and {Pe{\~n}alosa Esteller}, X. and {Penttil{\"a}}, A. and {Piersimoni}, A.~M. and {Pineau}, F. -X. and {Plachy}, E. and {Plum}, G. and {Poggio}, E. and {Poretti}, E. and {Poujoulet}, E. and {Pr{\v{s}}a}, A. and {Pulone}, L. and {Racero}, E. and {Ragaini}, S. and {Rainer}, M. and {Raiteri}, C.~M. and {Rambaux}, N. and {Ramos}, P. and {Ramos-Lerate}, M. and {Re Fiorentin}, P. and {Regibo}, S. and {Reyl{\'e}}, C. and {Ripepi}, V. and {Riva}, A. and {Rixon}, G. and {Robichon}, N. and {Robin}, C. and {Roelens}, M. and {Rohrbasser}, L. and {Romero-G{\'o}mez}, M. and {Rowell}, N. and {Royer}, F. and {Rybicki}, K.~A. and {Sadowski}, G. and {Sagrist{\`a} Sell{\'e}s}, A. and {Sahlmann}, J. and {Salgado}, J. and {Salguero}, E. and {Samaras}, N. and {Sanchez Gimenez}, V. and {Sanna}, N. and {Santove{\~n}a}, R. and {Sarasso}, M. and {Schultheis}, M. and {Sciacca}, E. and {Segol}, M. and {Segovia}, J.~C. and {S{\'e}gransan}, D. and {Semeux}, D. and {Shahaf}, S. and {Siddiqui}, H.~I. and {Siebert}, A. and {Siltala}, L. and {Slezak}, E. and {Smart}, R.~L. and {Solano}, E. and {Solitro}, F. and {Souami}, D. and {Souchay}, J. and {Spagna}, A. and {Spoto}, F. and {Steele}, I.~A. and {Steidelm{\"u}ller}, H. and {Stephenson}, C.~A. and {S{\"u}veges}, M. and {Szabados}, L. and {Szegedi-Elek}, E. and {Taris}, F. and {Tauran}, G. and {Taylor}, M.~B. and {Teixeira}, R. and {Thuillot}, W. and {Tonello}, N. and {Torra}, F. and {Torra}, J. and {Turon}, C. and {Unger}, N. and {Vaillant}, M. and {van Dillen}, E. and {Vanel}, O. and {Vecchiato}, A. and {Viala}, Y. and {Vicente}, D. and {Voutsinas}, S. and {Weiler}, M. and {Wevers}, T. and {Wyrzykowski}, {\L}. and {Yoldas}, A. and {Yvard}, P. and {Zhao}, H. and {Zorec}, J. and {Zucker}, S. and {Zurbach}, C. and {Zwitter}, T.},
        title = "{Gaia Early Data Release 3. Summary of the contents and survey properties}",
      journal = {\aap},
     keywords = {catalogs, astrometry, parallaxes, proper motions, techniques: photometric, techniques: radial velocities, Astrophysics - Astrophysics of Galaxies},
         year = 2021,
        month = may,
       volume = {649},
          eid = {A1},
        pages = {A1},
          doi = {10.1051/0004-6361/202039657},
archivePrefix = {arXiv},
       eprint = {2012.01533},
 primaryClass = {astro-ph.GA},
       adsurl = {https://ui.adsabs.harvard.edu/abs/2021A&A...649A...1G},
      adsnote = {Provided by the SAO/NASA Astrophysics Data System}
}


@INPROCEEDINGS{2002ASPC..281..228B,
       author = {{Bertin}, Emmanuel and {Mellier}, Yannick and {Radovich}, Mario and {Missonnier}, Gilles and {Didelon}, Pierre and {Morin}, Bertrand},
        title = "{The TERAPIX Pipeline}",
     keywords = {astronomy: optical, astronomy: software, pipelines: data reduction, software: package, software: development, software: data analysis, data analysis, databases, distributed processing},
    booktitle = {Astronomical Data Analysis Software and Systems XI},
         year = 2002,
       editor = {{Bohlender}, David A. and {Durand}, Daniel and {Handley}, Thomas H.},
       series = {Astronomical Society of the Pacific Conference Series},
       volume = {281},
        month = jan,
        pages = {228},
       adsurl = {https://ui.adsabs.harvard.edu/abs/2002ASPC..281..228B},
      adsnote = {Provided by the SAO/NASA Astrophysics Data System}
}
